%C1- GitHub
@misc{MyGitHub,
  title        = "GitHub repository for source code",
  url = "https://github.com/Ballants/Bachelor-degree-thesis",
}

%C1_1
@article{szegedy2013intriguing,
  title={Intriguing properties of neural networks},
  author={Szegedy, Christian and Zaremba, Wojciech and Sutskever, Ilya and Bruna, Joan and Erhan, Dumitru and Goodfellow, Ian and Fergus, Rob},
  journal={arXiv preprint arXiv:1312.6199},
  year={2013}
}

%C1_2
@article{papernot2016transferability,
  title={Transferability in machine learning: From phenomena to black-box attacks using adversarial samples. arXiv 2016},
  author={Papernot, Nicolas and McDaniel, Patrick and Goodfellow, Ian},
  journal={arXiv preprint arXiv:1605.07277},
  year={2016}
}

%C2_1
@article{goodfellow2014explaining,
  title={Explaining and harnessing adversarial examples},
  author={Goodfellow, Ian J and Shlens, Jonathon and Szegedy, Christian},
  journal={arXiv preprint arXiv:1412.6572},
  year={2014}
}

%C2_2
@article{schmidt2018adversarially,
  title={Adversarially robust generalization requires more data},
  author={Schmidt, Ludwig and Santurkar, Shibani and Tsipras, Dimitris and Talwar, Kunal and Madry, Aleksander},
  journal={Advances in neural information processing systems},
  volume={31},
  year={2018}
}

%C2_3
@article{ilyas2019adversarial,
  title={Adversarial Examples Are Not Bugs, They Are Features},
  author={Ilyas, Andrew and Santurkar, Shibani and Tsipras, Dimitris and Engstrom, Logan and Tran, Brandon and Madry, Aleksander},
  journal={arXiv preprint arXiv:1905.02175},
  year={2019}
}

%C2_4
@article{joel2021adversarial,
  title={Adversarial attack vulnerability of deep learning models for oncologic images},
  author={Joel, Marina Z and Umrao, Sachin and Chang, Enoch and Choi, Rachel and Yang, Daniel and Duncan, James and Omuro, Antonio and Herbst, Roy and Krumholz, Harlan and Aneja, Sanjay and others},
  journal={medRxiv},
  pages={2021--01},
  year={2021},
  publisher={Cold Spring Harbor Laboratory Press}
}
%C2_5
@article{allyn2020adversarial,
  title={Adversarial attack on deep learning-based dermatoscopic image recognition systems: Risk of misdiagnosis due to undetectable image perturbations},
  author={Allyn, J{\'e}r{\^o}me and Allou, Nicolas and Vidal, Charles and Renou, Am{\'e}lie and Ferdynus, Cyril},
  journal={Medicine},
  volume={99},
  number={50},
  year={2020},
  publisher={Wolters Kluwer Health}
}
%C2_6
@article{bortsova2021adversarial,
  title={Adversarial attack vulnerability of medical image analysis systems: Unexplored factors},
  author={Bortsova, Gerda and Gonz{\'a}lez-Gonzalo, Cristina and Wetstein, Suzanne C and Dubost, Florian and Katramados, Ioannis and Hogeweg, Laurens and Liefers, Bart and van Ginneken, Bram and Pluim, Josien PW and Veta, Mitko and others},
  journal={Medical Image Analysis},
  volume={73},
  pages={102141},
  year={2021},
  publisher={Elsevier}
}

%C2_7
@article{ma2021understanding,
  title={Understanding adversarial attacks on deep learning based medical image analysis systems},
  author={Ma, Xingjun and Niu, Yuhao and Gu, Lin and Wang, Yisen and Zhao, Yitian and Bailey, James and Lu, Feng},
  journal={Pattern Recognition},
  volume={110},
  pages={107332},
  year={2021},
  publisher={Elsevier}
}

%C3_1
@article{makary2016medical,
  title={Medical errorâ€”the third leading cause of death in the US},
  author={Makary, Martin A and Daniel, Michael},
  journal={Bmj},
  volume={353},
  year={2016},
  publisher={British Medical Journal Publishing Group}
}

%C3_2
@article{lo1995artificial,
  title={Artificial convolution neural network techniques and applications for lung nodule detection},
  author={Lo, S-CB and Lou, S-LA and Lin, Jyh-Shyan and Freedman, Matthew T and Chien, Minze V and Mun, Seong Ki},
  journal={IEEE transactions on medical imaging},
  volume={14},
  number={4},
  pages={711--718},
  year={1995},
  publisher={IEEE}
}
%C3_3
@article{rajpurkar2017chexnet,
  title={Chexnet: Radiologist-level pneumonia detection on chest x-rays with deep learning},
  author={Rajpurkar, Pranav and Irvin, Jeremy and Zhu, Kaylie and Yang, Brandon and Mehta, Hershel and Duan, Tony and Ding, Daisy and Bagul, Aarti and Langlotz, Curtis and Shpanskaya, Katie and others},
  journal={arXiv preprint arXiv:1711.05225},
  year={2017}
}
%C3_4
@article{korolev2017residual,
  title={Residual and Plain Convolutional Neural Networks for 3D Brain MRI Classification},
  author={Korolev, Sergey and Safiullin, Amir and Belyaev, Mikhail and Dodonova, Yulia},
  journal={arXiv preprint arXiv:1701.06643},
  year={2017}
}

%C3_5 BIM
@article{kurakin2016adversarial,
  title={Adversarial examples in the physical world},
  author={Kurakin, Alexey and Goodfellow, Ian and Bengio, Samy},
  journal={arXiv preprint arXiv:1607.02533},
  year={2016}
}
%C3_6 PGD
@article{madry2017towards,
  title={Towards deep learning models resistant to adversarial attacks},
  author={Madry, Aleksander and Makelov, Aleksandar and Schmidt, Ludwig and Tsipras, Dimitris and Vladu, Adrian},
  journal={arXiv preprint arXiv:1706.06083},
  year={2017}
}
%C3_7 DeepFool
@article{moosavi2015deepfool,
  title={DeepFool: a simple and accurate method to fool deep neural networks},
  author={Moosavi-Dezfooli, Seyed-Mohsen and Fawzi, Alhussein and Frossard, Pascal},
  journal={arXiv preprint arXiv:1511.04599},
  year={2015}
}

%C3_8 Mitigation
@article{akhtar2018threat,
  title={Threat of adversarial attacks on deep learning in computer vision: A survey},
  author={Akhtar, Naveed and Mian, Ajmal},
  journal={Ieee Access},
  volume={6},
  pages={14410--14430},
  year={2018},
  publisher={IEEE}
}

%C3_9_0 Model Distillation
@article{papernot2015distillation,
  title={Distillation as a Defense to Adversarial Perturbations against Deep Neural Networks},
  author={Papernot, Nicolas and McDaniel, Patrick and Wu, Xi and Jha, Somesh and Swami, Ananthram},
  journal={arXiv preprint arXiv:1511.04508},
  year={2015}
}

%C3_9 Random input transformation
@article{xie2017mitigating,
  title={Mitigating adversarial effects through randomization},
  author={Xie, Cihang and Wang, Jianyu and Zhang, Zhishuai and Ren, Zhou and Yuille, Alan},
  journal={arXiv preprint arXiv:1711.01991},
  year={2017}
}
%C3_9_1
@article{liao2017defense,
  title={Defense against Adversarial Attacks Using High-Level Representation Guided Denoiser},
  author={Liao, Fangzhou and Liang, Ming and Dong, Yinpeng and Pang, Tianyu and Hu, Xiaolin and Zhu, Jun},
  journal={arXiv preprint arXiv:1712.02976},
  year={2017}
}
%C3_9_2
@article{xu2017feature,
  title={Feature squeezing: Detecting adversarial examples in deep neural networks},
  author={Xu, Weilin and Evans, David and Qi, Yanjun},
  journal={arXiv preprint arXiv:1704.01155},
  year={2017}
}
%C3_9_2_1
@article{he2017adversarial,
  title={Adversarial Example Defenses: Ensembles of Weak Defenses are not Strong},
  author={He, Warren and Wei, James and Chen, Xinyun and Carlini, Nicholas and Song, Dawn},
  journal={arXiv preprint arXiv:1706.04701},
  year={2017}
}
%C3_9_2_2
@article{sharma2018bypassing,
  title={Bypassing feature squeezing by increasing adversary strength},
  author={Sharma, Yash and Chen, Pin-Yu},
  journal={arXiv preprint arXiv:1803.09868},
  year={2018}
}

%C3_10 Random noising
@article{liu2017towards,
  title={Towards Robust Neural Networks via Random Self-ensemble},
  author={Liu, Xuanqing and Cheng, Minhao and Zhang, Huan and Hsieh, Cho-Jui},
  journal={arXiv preprint arXiv:1712.00673},
  year={2017}
}
%C3_11 PixelPD
@article{lecuyer2018certified,
  title={Certified Robustness to Adversarial Examples with Differential Privacy},
  author={Lecuyer, Mathias and Atlidakis, Vaggelis and Geambasu, Roxana and Hsu, Daniel and Jana, Suman},
  journal={arXiv preprint arXiv:1802.03471},
  year={2018}
}
%C3_12
@article{li2018certified,
  title={Certified Adversarial Robustness with Additive Noise},
  author={Li, Bai and Chen, Changyou and Wang, Wenlin and Carin, Lawrence},
  journal={arXiv preprint arXiv:1809.03113},
  year={2018}
}

%C3_13 Gradient regularization/masking
@article{ross2017improving,
  title={Improving the Adversarial Robustness and Interpretability of Deep Neural Networks by Regularizing their Input Gradients},
  author={Ross, Andrew Slavin and Doshi-Velez, Finale},
  journal={arXiv preprint arXiv:1711.09404},
  year={2017}
}

%C3_14 APE-GAN
@article{shen2017ape,
  title={Ape-gan: Adversarial perturbation elimination with gan},
  author={Shen, Shiwei and Jin, Guoqing and Gao, Ke and Zhang, Yongdong},
  journal={arXiv preprint arXiv:1707.05474},
  year={2017}
}
%C3_14_1
@article{carlini2017magnet,
  title={Magnet and "efficient defenses against adversarial attacks" are not robust to adversarial examples},
  author={Carlini, Nicholas and Wagner, David},
  journal={arXiv preprint arXiv:1711.08478},
  year={2017}
}

%C3_15 Defense-GAN
@article{samangouei2018defense,
  title={Defense-gan: Protecting classifiers against adversarial attacks using generative models},
  author={Samangouei, Pouya and Kabkab, Maya and Chellappa, Rama},
  journal={arXiv preprint arXiv:1805.06605},
  year={2018}
}
%C3_15_1
@article{athalye2018obfuscated,
  title={Obfuscated Gradients Give a False Sense of Security: Circumventing Defenses to Adversarial Examples},
  author={Athalye, Anish and Carlini, Nicholas and Wagner, David},
  journal={arXiv preprint arXiv:1802.00420},
  year={2018}
}
%C3_16 WGAN
@article{arjovsky2017wasserstein,
  title={Wasserstein GAN},
  author={Arjovsky, Martin and Chintala, Soumith and Bottou, L{\'e}on},
  journal={arXiv preprint arXiv:1701.07875},
  year={2017}
}

%C3_17 MagNet
@article{meng2017magnet,
  title={MagNet: a Two-Pronged Defense against Adversarial Examples},
  author={Meng, Dongyu and Chen, Hao},
  journal={arXiv preprint arXiv:1705.09064},
  year={2017}
}

%C3_18 Pix2Pix GAN
@article{isola2016image,
  title={Image-to-Image Translation with Conditional Adversarial Networks},
  author={Isola, Phillip and Zhu, Jun-Yan and Zhou, Tinghui and Efros, Alexei A},
  journal={arXiv preprint arXiv:1611.07004},
  year={2016}
}
%C3_19 CGAN
@article{mirza2014conditional,
  title={Conditional generative adversarial nets},
  author={Mirza, Mehdi and Osindero, Simon},
  journal={arXiv preprint arXiv:1411.1784},
  year={2014}
}
%C3_20 U-Net
@article{ronneberger2015u,
  title={U-Net: Convolutional Networks for Biomedical Image Segmentation},
  author={Ronneberger, Olaf and Fischer, Philipp and Brox, Thomas},
  journal={arXiv preprint arXiv:1505.04597},
  year={2015}
}

%C4_1 Chest X-Ray Dataset
@manual{Chest_X_Ray_Dataset,
  title={Chest X-Ray (Pneumonia) Dataset},
  author={PAUL MOONEY},
  url={https://www.kaggle.com/paultimothymooney/chest-xray-pneumonia},
  year={2018}
}
%C4_2
@article{rudan2008epidemiology,
  title={Epidemiology and etiology of childhood pneumonia},
  author={Rudan, Igor and Boschi-Pinto, Cynthia and Biloglav, Zrinka and Mulholland, Kim and Campbell, Harry},
  journal={Bulletin of the world health organization},
  volume={86},
  pages={408--416B},
  year={2008},
  publisher={SciELO Public Health}
}
%C4_3
@article{adegbola2012childhood,
  title={Childhood pneumonia as a global health priority and the strategic interest of the Bill \& Melinda Gates Foundation},
  author={Adegbola, Richard A},
  journal={Clinical infectious diseases: an official publication of the Infectious Diseases Society of America},
  volume={54},
  pages={S89--S92},
  year={2012}
}

%C4_4 Brain Tumor MRI
@manual{Brain_Tumor_MRI_Dataset,
  title={Brain Tumor MRI Dataset},
  author={Masoud Nickparvar},
  url={https://www.kaggle.com/datasets/masoudnickparvar/brain-tumor-mri-dataset},
  year={2020}
}
%C4_5
%  url={https://www.cancer.net/cancer-types/brain-tumor/statistics}

%C4_6 Imagenet
@inproceedings{deng2009imagenet,
  title={Imagenet: A large-scale hierarchical image database},
  author={Deng, Jia and Dong, Wei and Socher, Richard and Li, Li-Jia and Li, Kai and Fei-Fei, Li},
  booktitle={2009 IEEE conference on computer vision and pattern recognition},
  pages={248--255},
  year={2009},
  organization={Ieee}
}

%C4_7  DenseNet
@article{huang2016densely,
  title={Densely Connected Convolutional Networks},
  author={Huang, Gao and Liu, Zhuang and van der Maaten, Laurens and Weinberger, Kilian Q},
  journal={arXiv preprint arXiv:1608.06993},
  year={2016}
}

%C4_8 ResNet
@article{he2015deep,
  title={Deep Residual Learning for Image Recognition},
  author={He, Kaiming and Zhang, Xiangyu and Ren, Shaoqing and Sun, Jian},
  journal={arXiv preprint arXiv:1512.03385},
  year={2015}
}

%C4_9  VGG
@article{simonyan2014very,
  title={Very deep convolutional networks for large-scale image recognition},
  author={Simonyan, Karen and Zisserman, Andrew},
  journal={arXiv preprint arXiv:1409.1556},
  year={2014}
}

%C4_10  MobileNetV2
@article{sandler2018mobilenetv2,
  title={MobileNetV2: Inverted Residuals and Linear Bottlenecks},
  author={Sandler, Mark and Howard, Andrew and Zhu, Menglong and Zhmoginov, Andrey and Chen, Liang-Chieh},
  journal={arXiv preprint arXiv:1801.04381},
  year={2018}
}

%C4_11  Inception
@article{szegedy2015rethinking,
  title={Rethinking the Inception Architecture for Computer Vision},
  author={Szegedy, Christian and Vanhoucke, Vincent and Ioffe, Sergey and Shlens, Jonathon and Wojna, Zbigniew},
  journal={arXiv preprint arXiv:1512.00567},
  year={2015}
}

%C4_12  TorchAttacks
@article{kim2020torchattacks,
  title={Torchattacks: A pytorch repository for adversarial attacks},
  author={Kim, Hoki},
  journal={arXiv preprint arXiv:2010.01950},
  year={2020}
}
